@inproceedings{snap,
 author = {Arashloo, Mina Tahmasbi and Koral, Yaron and Greenberg, Michael and Rexford, Jennifer and Walker, David},
 title = {SNAP: Stateful Network-Wide Abstractions for Packet Processing},
 booktitle = {Proceedings of SIGCOMM},
 year = {2016},
}

@inproceedings{maple,
 author = {Voellmy, Andreas and Wang, Junchang and Yang, Y Richard and Ford, Bryan and Hudak, Paul},
 title = {Maple: Simplifying SDN Programming Using Algorithmic Policies},
 booktitle = {Proceedings of SIGCOMM},
 year = {2013},
} 

@inproceedings{multitenant,
 author = {Koponen, Teemu and Amidon, Keith and Balland, Peter and Casado, Mart\'{\i}n and Chanda, Anupam and Fulton, Bryan and Ganichev, Igor and Gross, Jesse and Gude, Natasha and Ingram, Paul and Jackson, Ethan and Lambeth, Andrew and Lenglet, Romain and Li, Shih-Hao and Padmanabhan, Amar and Pettit, Justin and Pfaff, Ben and Ramanathan, Rajiv and Shenker, Scott and Shieh, Alan and Stribling, Jeremy and Thakkar, Pankaj and Wendlandt, Dan and Yip, Alexander and Zhang, Ronghua},
 title = {Network Virtualization in Multi-tenant Datacenters},
 booktitle = {Proceedings of the 11th USENIX Conference on Networked Systems Design and Implementation},
 series = {NSDI'14},
 year = {2014},
 isbn = {978-1-931971-09-6},
 location = {Seattle, WA},
 pages = {203--216},
 numpages = {14},
 url = {http://dl.acm.org/citation.cfm?id=2616448.2616468},
 acmid = {2616468},
 publisher = {USENIX Association},
 address = {Berkeley, CA, USA},
} 

